@book{arrow2012social,
	Author = {Arrow, Kenneth J},
	Publisher = {Yale university press},
	Title = {Social choice and individual values},
	Volume = {12},
	Year = {2012}}

@article{negahban2012restricted,
	Author = {Negahban, Sahand and Wainwright, Martin J},
	Journal = {The Journal of Machine Learning Research},
	Number = {1},
	Pages = {1665--1697},
	Publisher = {JMLR. org},
	Title = {Restricted strong convexity and weighted matrix completion: Optimal bounds with noise},
	Volume = {13},
	Year = {2012}}

@article{rank_centrality,
	Author = {Sahand Negahban and Sewoong Oh and Devavrat Shah},
	Date-Modified = {2014-05-09 19:51:43 -0400},
	Journal = {CoRR},
	Title = {Iterative Ranking from Pair-wise Comparisons},
	Volume = {abs/1209.1688},
	Year = {2012}}

@book{luce2012individual,
	Author = {Luce, R Duncan},
	Publisher = {Courier Dover Publications},
	Title = {Individual choice behavior: A theoretical analysis},
	Year = {2012}}

@article{diaconis1989generalization,
  title={A generalization of spectral analysis with application to ranked data},
  author={Diaconis, Persi and others},
  journal={The Annals of Statistics},
  volume={17},
  number={3},
  pages={949--979},
  year={1989},
  publisher={Institute of Mathematical Statistics}
}
